@unpublished{ noiseglsl,
  author       = {Stefan Gustavson},
  title        = {Noise for GLSL 1.20},
  note         = {Perlin noise implementation in GLSL},
  month        = {5},
  year         = {2016}
}

@misc{ wiki:perlin,
    author = "Wikipedia contributors",
    title = "Perlin noise --- Wikipedia{,} The Free Encyclopedia",
    year = "2018",
    url = "https://en.wikipedia.org/w/index.php?title=Perlin_noise&oldid=819081539",
    note = "[Online; accessed 27-January-2018]"
  }

@online { journey,
        title = {Sand Rendering in Journey},
        date = {2018},
        organization = {Youtube},
        author = {John Edwards},
        url = {https://www.youtube.com/watch?v=wt2yYnBRD3U&index=19&list=WL&t=0s}
    }
}

@inproceedings{ blinn1977models,
  title={Models of light reflection for computer synthesized pictures},
  author={Blinn, James F},
  booktitle={ACM SIGGRAPH Computer Graphics},
  volume={11},
  number={2},
  pages={192--198},
  year={1977},
  organization={ACM}
}

@inproceedings{ multiscale,
 author = {Zirr, Tobias and Kaplanyan, Anton S.},
 title = {Real-time Rendering of Procedural Multiscale Materials},
 booktitle = {Proceedings of the 20th ACM SIGGRAPH Symposium on Interactive 3D Graphics and Games},
 series = {I3D '16},
 year = {2016},
 isbn = {978-1-4503-4043-4},
 location = {Redmond, Washington},
 pages = {139--148},
 numpages = {10},
 url = {http://doi.acm.org/10.1145/2856400.2856409},
 doi = {10.1145/2856400.2856409},
 acmid = {2856409},
 publisher = {ACM},
 address = {New York, NY, USA},
 keywords = {level of detail, procedural textures, shading models},
}

@inproceedings{ sparkle,
 author = {Wang, Beibei and Bowles, How},
 title = {A Robust and Flexible Real-time Sparkle Effect},
 booktitle = {Proceedings of the Eurographics Symposium on Rendering: Experimental Ideas \& Implementations},
 series = {EGSR '16},
 year = {2016},
 isbn = {978-3-03868-019-2},
 location = {Dublin, Ireland},
 pages = {49--54},
 numpages = {6},
 url = {https://doi.org/10.2312/sre.20161209},
 doi = {10.2312/sre.20161209},
 acmid = {3056518},
 publisher = {Eurographics Association},
 address = {Goslar Germany, Germany},
}
