
@online { guru,
    title = {Design Patterns},
    date = {2018},
    organization = {Refactoring Guru},
    author = {Alexander Shvets, Dmitry Zhart},
    url = {https://refactoring.guru/design-patterns/}
}

@online { sqlalchemy,
    title = {SQLAlchemy},
    date = {2018},
    organization = {SQLAlchemy},
    author = {Michael Bayer},
    url = {https://www.sqlalchemy.org/}
}

@online { rxjs,
    title = {RxJS},
    date = {2018},
    organization = {RxJS},
    author = {benlesh, kwonoj, staltz},
    url = {http://reactivex.io/rxjs/}
}

@online { redux,
    title = {Redux},
    date = {2018},
    organization = {Redux},
    author = {gaearon, timdorr, markericson},
    url = {https://redux.js.org/}
}

@online { matplotlib,
    title = {MatPlotLib},
    date = {2018},
    organization = {MatPlotLib},
    author = {mdboom, jdh2358, tacaswell},
    url = {https://matplotlib.org/}
}

