@inproceedings{blinn1978simulation,
  title={Simulation of wrinkled surfaces},
  author={Blinn, James F},
  booktitle={ACM SIGGRAPH computer graphics},
  volume={12},
  number={3},
  pages={286--292},
  year={1978},
  organization={ACM}
}