@manual{OpenGL21Ref,
	Organization = "Silicon Graphics, Inc",
	Title = "OpenGL速 2.1, GLX, and GLU Reference Pages ",
	Note = "https://www.khronos.org/registry/OpenGL-Refpages/gl2.1/",
	year = 2006
}

@inproceedings{burley2012physically,
  title={Physically-based shading at disney},
  author={Burley, Brent and Studios, Walt Disney Animation},
  booktitle={ACM SIGGRAPH},
  volume={2012},
  pages={1--7},
  year={2012}
}

@article {Heitz2014,
	author = {Eric Heitz},
	title = {Understanding the Masking-Shadowing Function in Microfacet-Based BRDFs},
	journal = {Journal of Computer Graphics Techniques},
	year = {2014},
	volume = {3},
	number = {2},
	pages = {32-91},
	howpublished = {}
	}
@inproceedings {CookTorrance1981,
	author = {R. L. Cook and K. E. Torrance},
	title = {A reflectance model for computer graphics},
	booktitle = {Computer Graphics (SIGGRAPH '81 Proceedings)},
	year = {1981},
	volume = {15},
	pages = {307-16},
	howpublished = {}
	}
@article{Cook:2005:WN:1073204.1073264,
 author = {Cook, Robert L. and DeRose, Tony},
 title = {Wavelet Noise},
 journal = {ACM Trans. Graph.},
 issue_date = {July 2005},
 volume = {24},
 number = {3},
 month = jul,
 year = {2005},
 issn = {0730-0301},
 pages = {803--811},
 numpages = {9},
 url = {http://doi.acm.org/10.1145/1073204.1073264},
 doi = {10.1145/1073204.1073264},
 acmid = {1073264},
 publisher = {ACM},
 address = {New York, NY, USA},
 keywords = {multiresolution analysis, noise, procedural textures, rendering, shading, texture synthesis, texturing, wavelets},
} 

% Optional fields: author, title, howpublished, month, year, note
@MISC{Schuler2013,
	title = "Followup: Normal mapping",
	author = "Chris足t足ian Sch端ler",
	month = "1",
	year = "2013",
	howpublished = "http://www.thetenthplanet.de/archives/1180"
}


% Optional fields: author, title, howpublished, month, year, note
@MISC{MozillaGamepadAPI,
	title  = "Gamepad API",
	author = "Mozilla Foundation",
	month  = "2",
	year   = "2018",
	howpublished= "\url{https://developer.mozilla.org/en-US/docs/Web/API/Gamepad_API}"
}

% Optional fields: author, title, howpublished, month, year, note
@MISC{MozillaWebAudioAPI,
	title  = "Web Audio API",
	author = "Mozilla Foundation",
	month  = "2",
	year   = "2018",
	howpublished = "\url{https://developer.mozilla.org/en-US/docs/Web/API/Web_Audio_API}"	
}

@article{Perlin:2002:IN:566654.566636,
 author = {Perlin, Ken},
 title = {Improving Noise},
 journal = {ACM Trans. Graph.},
 issue_date = {July 2002},
 volume = {21},
 number = {3},
 month = jul,
 year = {2002},
 issn = {0730-0301},
 pages = {681--682},
 numpages = {2},
 url = {http://doi.acm.org/10.1145/566654.566636},
 doi = {10.1145/566654.566636},
 acmid = {566636},
 publisher = {ACM},
 address = {New York, NY, USA},
 keywords = {procedural texture},
} 

@article{Perlin:1985:IS:325165.325247,
 author = {Perlin, Ken},
 title = {An Image Synthesizer},
 journal = {SIGGRAPH Comput. Graph.},
 issue_date = {Jul. 1985},
 volume = {19},
 number = {3},
 month = jul,
 year = {1985},
 issn = {0097-8930},
 pages = {287--296},
 numpages = {10},
 url = {http://doi.acm.org/10.1145/325165.325247},
 doi = {10.1145/325165.325247},
 acmid = {325247},
 publisher = {ACM},
 address = {New York, NY, USA},
 keywords = {algorithm development, fire, functional composition, interactive, pixel stream editor, solid texture, space function, stochastic modelling, turbulence, waves},
} 

@article{Kajiya:1986:RE:15886.15902,
 author = {Kajiya, James T.},
 title = {The Rendering Equation},
 journal = {SIGGRAPH Comput. Graph.},
 issue_date = {Aug. 1986},
 volume = {20},
 number = {4},
 month = aug,
 year = {1986},
 issn = {0097-8930},
 pages = {143--150},
 numpages = {8},
 url = {http://doi.acm.org/10.1145/15886.15902},
 doi = {10.1145/15886.15902},
 acmid = {15902},
 publisher = {ACM},
 address = {New York, NY, USA},
} 

@inproceedings{burley2012physically,
  title={Physically-based shading at disney},
  author={Burley, Brent and Studios, Walt Disney Animation},
  booktitle={ACM SIGGRAPH},
  volume={2012},
  pages={1--7},
  year={2012}
}


@inproceedings{Wilkie:2013:PSD:2508244.2508263,
 author = {Wilkie, Alexander and Ho\v{s}ek, Lukas},
 title = {Predicting Sky Dome Appearance on Earth-like Extrasolar Worlds},
 booktitle = {Proceedings of the 29th Spring Conference on Computer Graphics},
 series = {SCCG '13},
 year = {2013},
 isbn = {978-1-4503-2480-9},
 location = {Smolenice, Slovakia},
 pages = {145:145--145:152},
 articleno = {145},
 numpages = {8},
 url = {http://doi.acm.org/10.1145/2508244.2508263},
 doi = {10.1145/2508244.2508263},
 acmid = {2508263},
 publisher = {ACM},
 address = {New York, NY, USA},
 keywords = {predictive rendering, skylight models},
} 


@article{Hosek:2012:AMF:2185520.2185591,
 author = {Hosek, Lukas and Wilkie, Alexander},
 title = {An Analytic Model for Full Spectral Sky-dome Radiance},
 journal = {ACM Trans. Graph.},
 issue_date = {July 2012},
 volume = {31},
 number = {4},
 month = jul,
 year = {2012},
 issn = {0730-0301},
 pages = {95:1--95:9},
 articleno = {95},
 numpages = {9},
 url = {http://doi.acm.org/10.1145/2185520.2185591},
 doi = {10.1145/2185520.2185591},
 acmid = {2185591},
 publisher = {ACM},
 address = {New York, NY, USA},
 keywords = {skylight models},
} 


@inproceedings{Preetham:1999:PAM:311535.311545,
 author = {Preetham, A. J. and Shirley, Peter and Smits, Brian},
 title = {A Practical Analytic Model for Daylight},
 booktitle = {Proceedings of the 26th Annual Conference on Computer Graphics and Interactive Techniques},
 series = {SIGGRAPH '99},
 year = {1999},
 isbn = {0-201-48560-5},
 pages = {91--100},
 numpages = {10},
 url = {http://dx.doi.org/10.1145/311535.311545},
 doi = {10.1145/311535.311545},
 acmid = {311545},
 publisher = {ACM Press/Addison-Wesley Publishing Co.},
 address = {New York, NY, USA},
 keywords = {aerial perspective, illumination, skylight, sunlight},
} 


@TECHREPORT{ISO15469:2004 ,
	author = {ISO/CIE},
	title = {Technical standard ISO 15469:2004 (CIE S 011/E:2003) ``Spatial distribution of daylight -- CIE standard general sky''},
	institution = {ISO/CIE},
	year = {2004},
	howpublished={\url{http://www.iso.org/iso/iso_catalogue/catalogue_tc/catalogue_detail.htm?csnumber=38608}}
}


@inproceedings{Upchurch:2010:DCS:1999416.1999450,
 author = {Upchurch, Eric M. and Semwal, Sudhanshu K.},
 title = {Dynamic Cloud Simulation Using Cellular Automata and Texture Splatting},
 booktitle = {Proceedings of the 2010 Summer Computer Simulation Conference},
 series = {SCSC '10},
 year = {2010},
 location = {Ottawa, Ontario, Canada},
 pages = {270--277},
 numpages = {8},
 url = {http://dl.acm.org/citation.cfm?id=1999416.1999450},
 acmid = {1999450},
 publisher = {Society for Computer Simulation International},
 address = {San Diego, CA, USA},
 keywords = {animation, cellular automata, environmental science, graphics, volume rendering},
} 


@inproceedings{Liao:2004:ERD:1044588.1044591,
 author = {Liao, Horng-Shyang and Chuang, Jung-Hong and Lin, Cheng-Chung},
 title = {Efficient Rendering of Dynamic Clouds},
 booktitle = {Proceedings of the 2004 ACM SIGGRAPH International Conference on Virtual Reality Continuum and Its Applications in Industry},
 series = {VRCAI '04},
 year = {2004},
 isbn = {1-58113-884-9},
 location = {Singapore},
 pages = {19--25},
 numpages = {7},
 url = {http://doi.acm.org/10.1145/1044588.1044591},
 doi = {10.1145/1044588.1044591},
 acmid = {1044591},
 publisher = {ACM},
 address = {New York, NY, USA},
 keywords = {cloud simulation, dynamic clouds rendering},
} 

@inproceedings{Dobashi:2000:SEM:344779.344795,
 author = {Dobashi, Yoshinori and Kaneda, Kazufumi and Yamashita, Hideo and Okita, Tsuyoshi and Nishita, Tomoyuki},
 title = {A Simple, Efficient Method for Realistic Animation of Clouds},
 booktitle = {Proceedings of the 27th Annual Conference on Computer Graphics and Interactive Techniques},
 series = {SIGGRAPH '00},
 year = {2000},
 isbn = {1-58113-208-5},
 pages = {19--28},
 numpages = {10},
 url = {http://dx.doi.org/10.1145/344779.344795},
 doi = {10.1145/344779.344795},
 acmid = {344795},
 publisher = {ACM Press/Addison-Wesley Publishing Co.},
 address = {New York, NY, USA},
 keywords = {animation, atmospheric effects, graphics hardware, rendering, volume rendering},
} 


@book{glassner1989introduction,
  title={An Introduction to Ray Tracing},
  author={Glassner, A.S.},
  isbn={9780122861604},
  lccn={gb89020291},
  series={Academic Press},
  url={https://books.google.com/books?id=YPblYyLqBM4C},
  year={1989},
  publisher={Academic Press}
}

@article{Whitted:1980:IIM:358876.358882,
 author = {Whitted, Turner},
 title = {An Improved Illumination Model for Shaded Display},
 journal = {Commun. ACM},
 issue_date = {June 1980},
 volume = {23},
 number = {6},
 month = jun,
 year = {1980},
 issn = {0001-0782},
 pages = {343--349},
 numpages = {7},
 url = {http://doi.acm.org/10.1145/358876.358882},
 doi = {10.1145/358876.358882},
 acmid = {358882},
 publisher = {ACM},
 address = {New York, NY, USA},
 keywords = {computer animation, computer graphics, raster displays, shading, visible surface algorithms},
} 


@article{Hart:1989:RTD:74334.74363,
 author = {Hart, J. C. and Sandin, D. J. and Kauffman, L. H.},
 title = {Ray Tracing Deterministic 3-D Fractals},
 journal = {SIGGRAPH Comput. Graph.},
 issue_date = {July 1989},
 volume = {23},
 number = {3},
 month = jul,
 year = {1989},
 issn = {0097-8930},
 pages = {289--296},
 numpages = {8},
 url = {http://doi.acm.org/10.1145/74334.74363},
 doi = {10.1145/74334.74363},
 acmid = {74363},
 publisher = {ACM},
 address = {New York, NY, USA},
} 


@inproceedings{Veach:1995:OCS:218380.218498,
 author = {Veach, Eric and Guibas, Leonidas J.},
 title = {Optimally Combining Sampling Techniques for Monte Carlo Rendering},
 booktitle = {Proceedings of the 22Nd Annual Conference on Computer Graphics and Interactive Techniques},
 series = {SIGGRAPH '95},
 year = {1995},
 isbn = {0-89791-701-4},
 pages = {419--428},
 numpages = {10},
 url = {http://doi.acm.org/10.1145/218380.218498},
 doi = {10.1145/218380.218498},
 acmid = {218498},
 publisher = {ACM},
 address = {New York, NY, USA},
 keywords = {Monte Carlo, distribution ray tracing, global illumination, lighting simulation, rendering, variance reduction},
} 


@inproceedings{Gooch:1998:NLM:280814.280950,
 author = {Gooch, Amy and Gooch, Bruce and Shirley, Peter and Cohen, Elaine},
 title = {A Non-photorealistic Lighting Model for Automatic Technical Illustration},
 booktitle = {Proceedings of the 25th Annual Conference on Computer Graphics and Interactive Techniques},
 series = {SIGGRAPH '98},
 year = {1998},
 isbn = {0-89791-999-8},
 pages = {447--452},
 numpages = {6},
 url = {http://doi.acm.org/10.1145/280814.280950},
 doi = {10.1145/280814.280950},
 acmid = {280950},
 publisher = {ACM},
 address = {New York, NY, USA},
 keywords = {color, illustration, lighting models, non-photorealistic rendering, shading, silhouettes, tone},
} 

@article{Blinn:1978:SWS:965139.507101,
 author = {Blinn, James F.},
 title = {Simulation of Wrinkled Surfaces},
 journal = {SIGGRAPH Comput. Graph.},
 issue_date = {August 1978},
 volume = {12},
 number = {3},
 month = aug,
 year = {1978},
 issn = {0097-8930},
 pages = {286--292},
 numpages = {7},
 url = {http://doi.acm.org/10.1145/965139.507101},
 doi = {10.1145/965139.507101},
 acmid = {507101},
 publisher = {ACM},
 address = {New York, NY, USA},
} 